@article{1,
author = {Mr Lacombe},
year = {1979},
title = {Mobile robots for industrial use},
journal = {Industrial robot : an International Journal},
doi = {10.1134/S0030400X0912008X}
}

@article{2,
  author={Borenstein, J. and Liqiang Feng},
  booktitle={Proceedings 1995 IEEE/RSJ International Conference on Intelligent Robots and Systems. Human Robot Interaction and Cooperative Robots}, 
  title={Correction of systematic odometry errors in mobile robots}, 
  year={1995},
  volume={3},
  number={},
  pages={569-574 vol.3},
  doi={10.1109/IROS.1995.525942}}

@article{3,
  title={Introduction to Autonomous Mobile Robots (Intelligent Robotics and Autonomous Agents).},
  booktitle={The MIT Press},
  author={R. Siegwart and I. R. Nourbakhsh},
  year={2004}
}

@article{4,
doi = {10.1088/1742-6596/2024/1/012056},
year = {2021},
publisher = {IOP Publishing},
volume = {2024},
author = {P. Qu C. Su H. Wu X. X. Xu S. Gao and X. G. Zhao},
title = {Mapping performance comparison of 2D SLAM algorithms based on different sensor combinations},
journal = {Journal of Physics: Conference Series},
}

@article{5,
  title={},
  author={A. Birk and M. Pfingsthorn},
  year={2016},
  month={01},
  journal={Simultaneous localization and mapping (SLAM)},
  doi={10.1002/047134608X.W8322}
  
}